<?xml version="1.0" encoding="UTF-8"?><collection xmlns="http://www.loc.gov/MARC21/slim"><record><leader>00617nam--2200217-u-4500</leader><controlfield tag="001">000051201</controlfield><controlfield tag="002">20161230</controlfield><controlfield tag="005">20161230201049</controlfield><controlfield tag="008">080530s1000------------r-----000-0-eng-d</controlfield><datafield ind1=" " ind2=" " tag="020"><subfield code="a">1560728884</subfield></datafield><datafield ind1=" " ind2=" " tag="040"><subfield code="a">IFIN-HH</subfield></datafield><datafield ind1=" " ind2=" " tag="080"><subfield code="a">539.17:539.141</subfield></datafield><datafield ind1="1" ind2=" " tag="100"><subfield code="a">Li, Bao-An</subfield></datafield><datafield ind1="1" ind2="0" tag="245"><subfield code="a">Isospin Physics in Heavy-Ion Collisions at Intermediate Energies</subfield><subfield code="c">Bao-An Li; Udo Schroder</subfield></datafield><datafield ind1=" " ind2=" " tag="260"><subfield code="a">New York</subfield><subfield code="b">Nova Science Phblishers, Inc</subfield><subfield code="c">2001</subfield></datafield><datafield ind1=" " ind2=" " tag="300"><subfield code="a">480 p</subfield></datafield><datafield ind1=" " ind2="4" tag="650"><subfield code="a">Isobaric Spin</subfield></datafield><datafield ind1="2" ind2=" " tag="650"><subfield code="a">Heavy ion collisions</subfield></datafield><datafield ind1="1" ind2=" " tag="700"><subfield code="a">Schroder, Wolf-Udo</subfield></datafield><datafield ind1=" " ind2=" " tag="852"><subfield code="a">82011</subfield><subfield code="c">539.17</subfield></datafield><datafield ind1=" " ind2=" " tag="CAT"><subfield code="a">Sys</subfield><subfield code="c">20110112</subfield><subfield code="h">115433</subfield></datafield></record></collection>